<?xml version="1.0" encoding="UTF-8"?>
<record xmlns="http://www.loc.gov/MARC21/slim">
  <leader>03318cam a2200385 a 4500</leader>
  <controlfield tag="001">3183491</controlfield>
  <controlfield tag="007">he amb---bbcp</controlfield>
  <controlfield tag="007">he bmb---baap</controlfield>
  <controlfield tag="008">861020s1815    quc     b     000 0 eng d</controlfield>
  <datafield tag="020" ind1=" " ind2=" ">
    <subfield code="a">066549467X</subfield>
  </datafield>
  <datafield tag="035" ind1=" " ind2=" ">
    <subfield code="a">ocm16847894</subfield>
  </datafield>
  <datafield tag="040" ind1=" " ind2=" ">
    <subfield code="a">CaOOCIHM</subfield>
    <subfield code="b">eng</subfield>
    <subfield code="c">CaOOCIHM</subfield>
    <subfield code="d">AEU</subfield>
  </datafield>
  <datafield tag="043" ind1=" " ind2=" ">
    <subfield code="a">n-cn-qu</subfield>
  </datafield>
  <datafield tag="082" ind1="0" ind2=" ">
    <subfield code="a">344.714043</subfield>
    <subfield code="2">19</subfield>
  </datafield>
  <datafield tag="090" ind1=" " ind2=" ">
    <subfield code="a">FC 02 0203 no. 49467</subfield>
    <subfield code="b">AEU</subfield>
  </datafield>
  <datafield tag="245" ind1="0" ind2="2">
    <subfield code="a">A Provincial statute of Lower-Canada</subfield>
    <subfield code="h">[microform] :</subfield>
    <subfield code="b">enacted by the King&apos;s Most Excellent Majesty, by and with the advice and consent of the Legislative Council and Assembly of the said province, constituted and assembled by virtue of and under the authority of an act of the Parliament of Great Britain, passed in the thirty-first year of the reign of Our Sovereign Lord George the Third, by the grace of God, of the United Kingdom of Great Britain and Ireland, King, defender of the faith, &amp;c.</subfield>
  </datafield>
  <datafield tag="246" ind1="3" ind2="5">
    <subfield code="a">Statut provincial du Bas-Canada :</subfield>
    <subfield code="b">statué par la Très Excellente Majesté du Roi, par et de l&apos;avis et consentement du Conseil législatif et assemblée de la dite province, constitués et assemblés en vertu et sous l&apos;autorité d&apos;un acte du Parlement de la Grande Bretagne, passé dans la trente-unième année du règne de notre souverain seigneur George trois, par la grâce de Dieu, roi du Royaume Uni de la Grande Bretagne et d&apos;Irlande, défenseur de la foi, &amp;c.</subfield>
  </datafield>
  <datafield tag="246" ind1="3" ind2="3">
    <subfield code="a">Act to encourage and diffuse the practice of vaccine inoculation</subfield>
  </datafield>
  <datafield tag="246" ind1="3" ind2="3">
    <subfield code="a">Acte pour encourager et répandre l&apos;usage de l&apos;inoculation de la vaccine</subfield>
  </datafield>
  <datafield tag="260" ind1=" " ind2=" ">
    <subfield code="a">Quebec :</subfield>
    <subfield code="b">Printed under the authority and by command of His Excellency the Governor in Chief; as the act of the provincial Parliament directs, by P.E. Desbarats, law printer to the King&apos;s Most Excellent Majesty,</subfield>
    <subfield code="c">1815.</subfield>
  </datafield>
  <datafield tag="300" ind1=" " ind2=" ">
    <subfield code="a">1 microfiche (9 fr.).</subfield>
  </datafield>
  <datafield tag="490" ind1="1" ind2=" ">
    <subfield code="a">CIHM/ICMH Microfiche series = CIHM/ICMH collection de microfiches ;</subfield>
    <subfield code="v">no. 49467</subfield>
  </datafield>
  <datafield tag="500" ind1=" " ind2=" ">
    <subfield code="a">Text in English with French translation on opposite pages.</subfield>
  </datafield>
  <datafield tag="500" ind1=" " ind2=" ">
    <subfield code="a">Added t.p. in French: Statut provincial du Bas-Canada : statué par la Trè s Excellente Majesté du Roi, par et de l&apos;avis et consentement du Conseil législatif et assemblée de la dite province, constitués et assemblés en vertu et sous l&apos;autorité d&apos;un acte du Parlement de la Grande Bretagne, passé dans la trente-unième année du règne de notre souverain seigneur George trois, par la grâce de Dieu, roi du Royaume Uni de la Grande Bretagne et d&apos;Irlande, défenseur de la foi, &amp;c.</subfield>
  </datafield>
  <datafield tag="500" ind1=" " ind2=" ">
    <subfield code="a">An act to encourage and diffuse the practice of vaccine inoculation = Acte pour encourager et répandre l&apos;usage de l&apos;inoculation de la vaccine (from caption title pages).</subfield>
  </datafield>
  <datafield tag="533" ind1=" " ind2=" ">
    <subfield code="a">Filmed from a copy of the original publication held by the Library of the Public Archives of Canada.</subfield>
    <subfield code="b">Ottawa :</subfield>
    <subfield code="c">Canadian Institute for Historical Microreproductions,</subfield>
    <subfield code="d">1985.</subfield>
  </datafield>
  <datafield tag="534" ind1=" " ind2=" ">
    <subfield code="e">11 p. ; 29 cm.</subfield>
  </datafield>
  <datafield tag="596" ind1=" " ind2=" ">
    <subfield code="a">43</subfield>
  </datafield>
  <datafield tag="650" ind1=" " ind2="0">
    <subfield code="a">Smallpox</subfield>
    <subfield code="z">Quebec (Province)</subfield>
    <subfield code="x">Preventive inoculation.</subfield>
  </datafield>
  <datafield tag="650" ind1=" " ind2="6">
    <subfield code="a">Variole</subfield>
    <subfield code="z">Québec (Province)</subfield>
    <subfield code="x">Inoculation préventive.</subfield>
  </datafield>
  <datafield tag="710" ind1="1" ind2=" ">
    <subfield code="a">Lower Canada.</subfield>
    <subfield code="t">An act to encourage and diffuse the practice of vaccine inoculation.</subfield>
  </datafield>
  <datafield tag="830" ind1=" " ind2="0">
    <subfield code="a">CIHM/ICMH microfiche series ;</subfield>
    <subfield code="v">no. 49467</subfield>
  </datafield>
  <datafield tag="949" ind1=" " ind2=" ">
    <subfield code="h">UAHS-MF</subfield>
    <subfield code="z">CIHMMPRE</subfield>
  </datafield>
  <datafield tag="016" ind1=" " ind2=" ">
    <subfield code="a"> 866068112</subfield>
  </datafield>
  <datafield tag="926" ind1=" " ind2=" ">
    <subfield code="a">UAHSS</subfield>
    <subfield code="b">MICROFICHE</subfield>
    <subfield code="c">FC 02 0203 no. 49467</subfield>
    <subfield code="d">MICROFORM</subfield>
    <subfield code="f">1</subfield>
  </datafield>
</record>
